@inproceedings{simpson99,
  title={Fundamental problems in comparative phonetics and phonology: does {UPSID} help to solve them},
  author={Simpson, A. P.},
  booktitle={Proceedings of the 14th international congress of phonetic sciences},
  volume={1},
  pages={349--352},
  year={1999}
}

@article{anderson21,
  title={Measuring variation in phoneme inventories 
  (preprint v1)},
  author={Anderson, C. and Tresoldi, T. and Greenhill, S. J. and Forkel, R. and Gray, R. D. and List, J.-M.},
  year={2021},
  journal={Research Square},
  url={https://doi.org/10.21203/rs.3.rs-891645/v1}
}

@phdthesis{eden18,
  title={Measuring phonological distance between languages},
  author={Eden, S. E.},
  year={2018},
  school={University College London}
}

@book{pellegrino09,
  title={Approaches to phonological complexity},
  author={Pellegrino, F. and Marsico, E. and Chitoran, I. and Coup{\'e}, C.},
  volume={16},
  year={2009},
  publisher={Walter de Gruyter}
}

@incollection{chitoran09,
  title={Complexity in phonetics and phonology: gradience, categoriality, and naturalness},
  author={Chitoran, I. and Cohn, A. C.},
  booktitle={Approaches to phonological complexity},
  editors={Pellegrino, F. and Marsico, E. and Chitoran, I. and Coup{\'e}, C.},
  pages={19--46},
  year={2009},
  publisher={De Gruyter Mouton}
}

@incollection{ohala09,
  title={Languagesâ€™ sound inventories: the devil in the details},
  author={Ohala, J. J.},
  booktitle={Approaches to phonological complexity},
  editors={Pellegrino, F. and Marsico, E. and Chitoran, I. and Coup{\'e}, C.},
  pages={47--58},
  year={2009},
  publisher={De Gruyter Mouton}
}

@incollection{maddieson09,
  title={Calculating phonological complexity},
  author={Maddieson, I.},
  booktitle={Approaches to phonological complexity},
  editors={Pellegrino, F. and Marsico, E. and Chitoran, I. and Coup{\'e}, C.},
  pages={83--110},
  year={2009},
  publisher={De Gruyter Mouton}
}

@incollection{coupe09,
  title={Structural complexity of phonological systems},
  author={Coup{\'e}, Christophe and Marsico, Egidio and Pellegrino, Fran{\c{c}}ois},
  booktitle={Approaches to phonological complexity},
  editors={Pellegrino, F. and Marsico, E. and Chitoran, I. and Coup{\'e}, C.},
  pages={141--170},
  year={2009},
  publisher={De Gruyter Mouton}
}

@incollection{deutscher09,
  title={"Overall complexity": a wild goose chase?},
  author={Deutscher, G.},
  booktitle={Language complexity as an evolving variable},
  editors={Sampson, G. and Gil, D. and Trudgill, P.},
  year={2009},
  pages={243--252},
  publisher={Oxford University Press}
}

@book{hoppenbrouwers01,
  title={De indeling van de Nederlandse streektalen: dialecten van 156 steden en dorpen geklasseerd volgens de FFM},
  author={Hoppenbrouwers, Cornelis Antonius Johannes and Hoppenbrouwers, Geer AJ},
  year={2001},
  publisher={Uitgeverij Van Gorcum}
}

@phdthesis{heeringa04,
  title={Measuring dialect pronunciation differences using Levenshtein distance},
  author={Heeringa, W. J.},
  year={2004},
  school={University Library Groningen][Host]}
}
